<?xml version="1.0" encoding="UTF-8"?><collection><record><leader>07952ntm a2200553 a 4500</leader><controlfield tag="001">006817980</controlfield><controlfield tag="003">MiAaHDL</controlfield><controlfield tag="005">20190719000000.0</controlfield><controlfield tag="006">m        d        </controlfield><controlfield tag="007">cr bn ---auaua</controlfield><controlfield tag="008">090612s1744    ii            00| ||per d</controlfield><datafield tag="035" ind1=" " ind2=" "><subfield code="a">(MiU)006817980</subfield></datafield><datafield tag="035" ind1=" " ind2=" "><subfield code="a">sdr-miu006817980</subfield></datafield><datafield tag="040" ind1=" " ind2=" "><subfield code="a">MiU</subfield><subfield code="c">MiU</subfield><subfield code="e">amremm</subfield></datafield><datafield tag="043" ind1=" " ind2=" "><subfield code="a">n-us-mi</subfield><subfield code="a">a-ii---</subfield></datafield><datafield tag="245" ind1="0" ind2="0"><subfield code="6">880-03</subfield><subfield code="a">Ganj al-maʻānī,</subfield><subfield code="f">[1156, i.e. 1744].</subfield></datafield><datafield tag="246" ind1="3" ind2=" "><subfield code="i">Title from table of contents (p.4):</subfield><subfield code="a">نسخه اشعار منتخبات خاص</subfield></datafield><datafield tag="246" ind1="3" ind2=" "><subfield code="i">Title from inscription on front flyleaf:</subfield><subfield code="a">Selections from various poets</subfield></datafield><datafield tag="246" ind1="3" ind2=" "><subfield code="i">Title from inscription on front flyleaf:</subfield><subfield code="a">نسخه اشعار منتخبات شاعران</subfield></datafield><datafield tag="260" ind1=" " ind2=" "><subfield code="a">[Shahjahanabad,</subfield><subfield code="c">1744].</subfield></datafield><datafield tag="300" ind1=" " ind2=" "><subfield code="a">174 leaves :</subfield><subfield code="b">paper ;</subfield><subfield code="c">165 x 114 (92 x 50) mm.</subfield></datafield><datafield tag="500" ind1=" " ind2=" "><subfield code="a">Shelfmark: Ann Arbor, University of Michigan, Special Collections Library, Isl. Ms. 350</subfield></datafield><datafield tag="500" ind1=" " ind2=" "><subfield code="a">Origin: As appears in colophon on pp.346-347, copied by one Riz̤ā with transcription completed 24 Dhū al-Ḥijjah 1156 [ca. 8 February 1744] apparently on the order of Navvāb (Nawāb) Shīr Jang Bahādur in Shāhjahānābād (Delhi).</subfield></datafield><datafield tag="500" ind1=" " ind2=" "><subfield code="a">Former shelfmark: "365 T. De M. [i.e. Tammaro De Marinis]" in pencil on verso of front flyleaf ; "١٤١" on tail edge of text block.</subfield></datafield><datafield tag="500" ind1=" " ind2=" "><subfield code="a">Binding: Pasteboards covered in dark red leather ; Type III binding (without flap) ; two-piece binding (seam of overlapping flanges visible at spine) ; doublures also in dark red leather painted in shades of blue and gold to define central mandorla, pendants and cornerpieces overlaid with elegant swirling vegetal decoration (stamped or appliqué design) ; hinges also in dark red leather, interior of spine in woven textile ; upper and lower covers carry stamped and gold-painted mandorla, pendants and cornerpieces (each filled with vegetal compositions) as well as gold-painted and tooled borders, outermost on a blue-painted feild ; sewn in white thread, four stations plus primaries, somewhat loose but sound ; worked endbands in white, blue and a dark metallic thread ; overall in fairly good condition with some abrasion, minor pest damage, some gatherings loose, etc. ; subtle repair to replace lost pigment in border on upper cover.</subfield></datafield><datafield tag="500" ind1=" " ind2=" "><subfield code="a">Support: Framing written area, a non-European (likely Indian) laid paper with 8-9 laid lines per cm. (vertical, distinct, curving) and no chain lines plainly visible, dense and sturdy, well-burnished, tinted blue in color and silver-flecked ; small rectangle of written area in another likely Indian laid paper, faintly marbled in pink (reminiscent of kumlu / kılçıklı ebru) and gold-flecked ; endpapers in still another paper (likely also of Indian manufacture), well-burnished, gray in tone ; subtle repairs in blue paper.</subfield></datafield><datafield tag="500" ind1=" " ind2=" "><subfield code="a">Decoration: Fine illuminated headpiece (ʻunwān / sarlawḥ) at opening of table of contents (فهرست) on p.4 and at opening of text on p.10, the latter consisting of rectangular piece with gold cartouche carrying basmalah surmounted by w-shaped piece / scalloped dome filled with swirling floral vegetal decoration in orange, blue, bright pistachio green, pink, white, and lavender on grounds of blue and gold, all set in a well of pink bands with lavender crosses and surmounted by vertical stalks (tīgh) in blue ; splendid illuminated marginal decoration (in floral and vegetal forms) completes illuminated double-page opening on pp.10-11 ; simpler headpieces (in the form of gold rectangular pieces) appear at headings of other sections throughout ; written area throughout surrounded by gold frame with outermost white rule ; margins and columns within also defined by gold bands outlined in black ; keywords rubricated.</subfield></datafield><datafield tag="500" ind1=" " ind2=" "><subfield code="a">Script: Nastaʻlīq ; large, elegant Indian hand in a medium to heavy line ; characteristically serifless with gentle effect of words descending to baseline, superscripting of letters, elongation and exaggerated thickness of horizontal strokes, pointing mainly in distinct dots, occasionally set very close together or conjoined, dramatically sweeping shaqq or sarkash on many kāfs, point of final nūn set just down in wide, slightly angled bowl.</subfield></datafield><datafield tag="500" ind1=" " ind2=" "><subfield code="a">Layout: Written in 7 lines per page with written area divided to two columns ; frame-ruled.</subfield></datafield><datafield tag="500" ind1=" " ind2=" "><subfield code="a">Collation: ii, II (4), 15 IV(124), II (128), IV (136), IV+2 (146), 2 IV(162), IV-1 (169), III-1 (174), ii ; almost exclusively quaternions ; catchwords present ; pagination in pencil, Western numerals, supplied during cataloguing.</subfield></datafield><datafield tag="500" ind1=" " ind2=" "><subfield code="a">Colophon: "Scribal," reads "حرره العبد المذنب العاصی یحتاج الی رحمة الله الملک الاعلی رضا بتاریخ بیست و چهارم شهر ذی الحجه روزسه شنبه سنه ١١۵۶ هجری سمت اتمام پذیرفت این مجموعۀ جهان آرا مسمی بگنج المعانی که نواب شیر جنگ بهادر دام اقباله در سلک انتخاب کشیده و بندۀ درگاه بموجب امر اشرف در دار الخلافۀ شاهجهان آباد در عین بی سرانجافی ..."</subfield></datafield><datafield tag="500" ind1=" " ind2=" "><subfield code="a">Incipit: "سر دفتر ستایش حمد خدا تویی بسم الله صحیفۀ هر مدعا تویی ..."</subfield></datafield><datafield tag="500" ind1=" " ind2=" "><subfield code="a">Title from closing matter on p.347.</subfield></datafield><datafield tag="500" ind1=" " ind2=" "><subfield code="a">Ms. codex.</subfield></datafield><datafield tag="510" ind1="4" ind2=" "><subfield code="a">O'Laughlin, Michael. The Irish book of arms. (Kansas City, Mo. : Irish Genealogical Foundation, 2000),</subfield><subfield code="c">p.62</subfield></datafield><datafield tag="510" ind1="4" ind2=" "><subfield code="a">Khan Sahib Maulvi Abdul Muqtuadir, "A List of the more valuable Persian MSS. in the Library." In O'Connor, Scott. An Eastern library. (Glasgow : Printed at the University Press by R. Maclehose, 1920): 54-72,</subfield><subfield code="c">no.109, p.70</subfield></datafield><datafield tag="520" ind1="8" ind2=" "><subfield code="a">Elegant copy of a selection of Persian poetry with contents listing ("فهرست این نسخه اشعار منتخبات خاص") provided prior to opening of text (see pp.4-8). Contributions to the cataloguing from Elizabeth Kunze.</subfield></datafield><datafield tag="538" ind1=" " ind2=" "><subfield code="a">Mode of access: Internet.</subfield></datafield><datafield tag="541" ind1=" " ind2=" "><subfield code="c">Purchase ;</subfield><subfield code="a">Acquired by purchase (funds donated by Horace Rackham).</subfield><subfield code="d">1924.</subfield></datafield><datafield tag="546" ind1=" " ind2=" "><subfield code="a">Persian.</subfield></datafield><datafield tag="561" ind1=" " ind2=" "><subfield code="a">Label on upper cover with inscription addressing contents "بیاض کتابی ..." ; presentation statements on front flyleaf "To Prince Ickbaloodaulah from Major Genl J Caulfeild 2d Octbr 1851" (see bookplate on back flyleaf) and "To H.E. ʻAlee Pasha from Ekbalooddowla" (likely Mehmet Emin Âli Paşa, d.1871 whose son Mustafa Reşit owned several other manuscripts from the Abdul Hamid Collection) ; statement noting patron "بیاض کتابی [؟] اشعار سر نواب شیر جنگ" (p.1) and poetic excerpts in ruqʻah (p.3) on leaves preceding opening of table of contents ; effaced statements and rectangular seal impression on main 'title page' (p.9) ; on back flyleaf bookplate in name of James Caulfeild (1782-1852, soldier and political officer in British India, author of Observations on our Indian administration, civil and military) with arms (barruly of ten pieces, lion passant-guardant on canton, dragon's head crest, motto "Deo duce ferro comitante," cf. the arms of his ancestor in O'Laughlin, The Irish book of arms, p.62) ; clean copy.</subfield></datafield><datafield tag="650" ind1=" " ind2="0"><subfield code="a">Manuscripts, Persian</subfield><subfield code="z">Michigan</subfield><subfield code="z">Ann Arbor.</subfield></datafield><datafield tag="650" ind1=" " ind2="0"><subfield code="a">Persian poetry</subfield><subfield code="v">Early works to 1800.</subfield></datafield><datafield tag="655" ind1=" " ind2="7"><subfield code="a">Headpieces (layout features)</subfield><subfield code="y">18th century.</subfield><subfield code="2">aat</subfield></datafield><datafield tag="700" ind1="0" ind2=" "><subfield code="a">Abdülhamid</subfield><subfield code="b">II,</subfield><subfield code="c">Sultan of the Turks,</subfield><subfield code="d">1842-1918,</subfield><subfield code="e">former owner.</subfield></datafield><datafield tag="700" ind1="0" ind2=" "><subfield code="6">880-07</subfield><subfield code="a">Âli Paşa,</subfield><subfield code="d">1815-1871.</subfield><subfield code="e">former owner.</subfield></datafield><datafield tag="700" ind1="1" ind2=" "><subfield code="a">Caulfeild, James,</subfield><subfield code="d">1782-1852,</subfield><subfield code="e">former owner.</subfield></datafield><datafield tag="700" ind1="0" ind2=" "><subfield code="6">880-05</subfield><subfield code="a">Navvāb Shīr Jang Bahādur,</subfield><subfield code="d">fl. 1744,</subfield><subfield code="e">patron,</subfield><subfield code="e">former owner.</subfield></datafield><datafield tag="773" ind1="0" ind2=" "><subfield code="a">Abdul Hamid Collection.</subfield></datafield><datafield tag="880" ind1="0" ind2=" "><subfield code="6">700-07/</subfield><subfield code="a">عالى پاشا،</subfield><subfield code="e">مالك سابق.</subfield></datafield><datafield tag="880" ind1="0" ind2=" "><subfield code="6">700-05/</subfield><subfield code="a">نواب شير جنگ بهادر،</subfield><subfield code="e">راع،</subfield><subfield code="e">مالك سابق.</subfield></datafield><datafield tag="880" ind1="0" ind2="0"><subfield code="6">245-03/</subfield><subfield code="a">گنج المعانی،</subfield><subfield code="f">[1156ه, 1744م].</subfield></datafield><datafield tag="CID" ind1=" " ind2=" "><subfield code="a">006817980</subfield></datafield><datafield tag="DAT" ind1="0" ind2=" "><subfield code="a">20190719102639.0</subfield><subfield code="b">20190719000000.0</subfield></datafield><datafield tag="DAT" ind1="1" ind2=" "><subfield code="a">20190719090653.0</subfield><subfield code="b">2019-07-19T16:11:53Z</subfield></datafield><datafield tag="DAT" ind1="2" ind2=" "><subfield code="a">2015-10-02T18:00:03Z</subfield></datafield><datafield tag="CAT" ind1=" " ind2=" "><subfield code="a">SDR-MIU</subfield><subfield code="d">EX LIBRIS - ALEPH</subfield><subfield code="l">prepare.pl-004-008</subfield></datafield><datafield tag="FMT" ind1=" " ind2=" "><subfield code="a">BK</subfield></datafield><datafield tag="HOL" ind1=" " ind2=" "><subfield code="0">sdr-miu006817980</subfield><subfield code="a">MiU</subfield><subfield code="b">SDR</subfield><subfield code="c">MIU</subfield><subfield code="p">mdp.39015079129766</subfield><subfield code="s">MIU</subfield><subfield code="1">006817980</subfield></datafield><datafield tag="974" ind1=" " ind2=" "><subfield code="b">MIU</subfield><subfield code="c">MIU</subfield><subfield code="d">20190719</subfield><subfield code="s">lit-dlps-dc</subfield><subfield code="u">mdp.39015079129766</subfield><subfield code="y">1744</subfield><subfield code="r">pd</subfield><subfield code="q">bib</subfield><subfield code="t">non-US bib date1 &lt; 1879</subfield></datafield></record></collection>